@string(vldb="Proceedings of the International Conference on Very
   Large Databases")
@string(sigmod="Proceedings of the ACM SIGMOD International Conference
   on Management of Data")
@string(tods="ACM Transactions on Database Systems")
@string(toois="ACM Transactions on Office Information Systems")
@string(tose="IEEE Transactions on Software Engineering")
@string(de="Proceedings of International Conference on Database Engineering")
@string(oopsla="Proceedings of the Conference on Object-Oriented
   Programming Systems, Languages, and Applications")
@string(tokade="IEEE Transactions on Knowledge and Data Engineering")
@string(mcc="Microelectronics and Computer Technology Corporation")
@string(compcon="IEEE Computer Society International Conference")
@string(fodocon="Proceedings of the Foundations of Data Organization and
Algorithms (FODO) Conference")
@string(pods="Proceedings of Symposium on Principles of Database Systems
(PODS)")

@inproceedings{Tor,
 author = {Dingledine, Roger and Mathewson, Nick and Syverson, Paul},
 title = {Tor: the second-generation onion router},
 booktitle = {Proceedings of the 13th conference on USENIX Security Symposium - Volume 13},
 series = {SSYM'04},
 year = {2004},
 location = {San Diego, CA},
 pages = {21--21},
 numpages = {1},
 url = {http://portal.acm.org/citation.cfm?id=1251375.1251396},
 acmid = {1251396},
 publisher = {USENIX Association},
 address = {Berkeley, CA, USA},
}

@INPROCEEDINGS{5470509, 
author={Ling Hu and Shahabi, C.}, 
booktitle={Pervasive Computing and Communications Workshops (PERCOM Workshops), 2010 8th IEEE International Conference on}, title={Privacy assurance in mobile sensing networks: Go beyond trusted servers}, 
year={2010}, 
month=29 2010-april 2, 
volume={}, 
number={}, 
pages={613 -619}, 
keywords={hot-potato- privacy-protection algorithm;mobile devices;mobile sensing networks;mobile users;participatory sensing networks;privacy assurance;social network;tolerable communication overhead;trusted servers;mobile handsets;mobile radio;telecommunication security;}, 
doi={10.1109/PERCOMW.2010.5470509}, 
ISSN={},}