@article{DBLP:journals/cacm/Codd70,
  author    = {E. F. Codd},
  title     = {A Relational Model of Data for Large Shared Data Banks},
  journal   = {Commun. ACM},
  volume    = {13},
  number    = {6},
  year      = {1970},
  pages     = {377-387},
  ee        = {http://doi.acm.org/10.1145/362384.362685},
  bibsource = {DBLP, http://dblp.uni-trier.de}
}

@article{journals/trj/Kamfonas92,
  author    = {Michael Kamfonas},
  title     = {Recursive Hierarchies: The Relational Taboo!},
  journal   = {The Relational Journal},
  %volume    = {13},
  %number    = {6},
  year      = {1992},
  %pages     = {377-387},
  %ee        = {http://doi.acm.org/10.1145/362384.362685},
  bibsource = {CiteSeer, http://citeseerx.ist.psu.edu/showciting;jsessionid=58065F7A29E317BA90ACACAF6D2BC275?cid=10755123}
}

@article{Comer:1979:UB:356770.356776,
 author = {Comer, Douglas},
 title = {Ubiquitous B-Tree},
 journal = {ACM Comput. Surv.},
 issue_date = {June 1979},
 volume = {11},
 number = {2},
 month = jun,
 year = {1979},
 issn = {0360-0300},
 pages = {121--137},
 numpages = {17},
 url = {http://doi.acm.org/10.1145/356770.356776},
 doi = {10.1145/356770.356776},
 acmid = {356776},
 publisher = {ACM},
 address = {New York, NY, USA},
}