@inproceedings{DBLP:conf/uss/DingledineMS04,
  author    = {Roger Dingledine and
               Nick Mathewson and
               Paul F. Syverson},
  title     = {{Tor: The Second-Generation Onion Router}},
  booktitle = {USENIX Security Symposium},
  year      = {2004},
  pages     = {303-320}
}

@inproceedings{DBLP:conf/percom/HuS10,
  author    = {Ling Hu and
               Cyrus Shahabi},
  title     = {{Privacy assurance in mobile sensing networks: Go beyond
               trusted servers}},
  booktitle = {PerCom Workshops},
  year      = {2010},
  pages     = {613-619}
}

@inproceedings{DBLP:conf/mobisys/MunRSYBEHHWB09,
  author    = {Min Mun and
               Sasank Reddy and
               Katie Shilton and
               Nathan Yau and
               Jeff Burke and
               Deborah Estrin and
               Mark H. Hansen and
               Eric Howard and
               Ruth West and
               P{\'e}ter Boda},
  title     = {{PEIR, the personal environmental impact report, as a platform
               for participatory sensing systems research}},
  booktitle = {MobiSys},
  year      = {2009},
  pages     = {55-68}
}

@inproceedings{DBLP:conf/dcoss/ConceicaoFB08,
  author    = {Hugo Concei\c{c}{\~a}o and
               Michel Ferreira and
               Jo{\~a}o Barros},
  title     = {{On the Urban Connectivity of Vehicular Sensor Networks}},
  booktitle = {DCOSS},
  year      = {2008},
  pages     = {112-125}
}

@inproceedings{DBLP:conf/dcoss/DongKCB08,
  author    = {Yifei Dong and
               Salil S. Kanhere and
               Chun Tung Chou and
               Nirupama Bulusu},
  title     = {{Automatic Collection of Fuel Prices from a Network of Mobile
               Cameras}},
  booktitle = {DCOSS},
  year      = {2008},
  pages     = {140-156}
}

@article{DBLP:journals/tissec/ReiterR98,
  author    = {Michael K. Reiter and
               Aviel D. Rubin},
  title     = {{Crowds: Anonymity for Web Transactions}},
  journal   = {ACM Trans. Inf. Syst. Secur.},
  volume    = {1},
  number    = {1},
  year      = {1998},
  pages     = {66-92}
}

@article{DBLP:journals/cacm/Chaum81,
  author    = {David Chaum},
  title     = {{Untraceable Electronic Mail, Return Addresses, and Digital
               Pseudonyms}},
  journal   = {Commun. ACM},
  volume    = {24},
  number    = {2},
  year      = {1981},
  pages     = {84-88}
}

@article{DBLP:journals/jcs/LevineS02,
  author    = {Brian Neil Levine and
               Clay Shields},
  title     = {{Hordes: a Multicast-Based Protocol for Anonymity}},
  journal   = {Journal of Computer Security},
  volume    = {10},
  number    = {3},
  year      = {2002},
  pages     = {213-240}
}


@article{DBLP:journals/cacm/ReiterR99,
  author    = {Michael K. Reiter and
               Aviel D. Rubin},
  title     = {{Anonymous Web Transactions with Crowds}},
  journal   = {Commun. ACM},
  volume    = {42},
  number    = {2},
  year      = {1999},
  pages     = {32-38}
}

@article{DBLP:journals/ijufks/Sweene02,
  author    = {Latanya Sweeney},
  title     = {{k-Anonymity: A Model for Protecting Privacy}},
  journal   = {International Journal of Uncertainty, Fuzziness and Knowledge-Based
               Systems},
  volume    = {10},
  number    = {5},
  year      = {2002},
  pages     = {557-570}
}

@article{DBLP:journals/pervasive/HaklayW08,
  author    = {Mordechai (Muki) Haklay and
               Patrick Weber},
  title     = {{OpenStreetMap: User-Generated Street Maps}},
  journal   = {IEEE Pervasive Computing},
  volume    = {7},
  number    = {4},
  year      = {2008},
  pages     = {12-18}
}

@inproceedings{DBLP:conf/diau/ClarkeSWH00,
  author    = {Ian Clarke and
               Oskar Sandberg and
               Brandon Wiley and
               Theodore W. Hong},
  title     = {{Freenet: A Distributed Anonymous Information Storage and
               Retrieval System}},
  booktitle = {Workshop on Design Issues in Anonymity and Unobservability},
  year      = {2000},
  pages     = {46-66}
}

@Misc{RFC793,
  author    =  "Jon Postel",
  title     =  "{RFC 793: Transmission Control Protocol}",
  year      =  "1981",
  URL       =  "http://tools.ietf.org/html/rfc793",
  acknowledgement = ack-nhfb,
  online    =  "yes"
}

@Misc{RFC768,
  author    =  "Jon Postel",
  title     =  "{RFC 768: User Datagram Protocol}",
  year      =  "1980",
  URL       =  "http://www.ietf.org/rfc/rfc768.txt",
  online    =  "yes"
}

@Misc{wiki_privacy,
  author    =  {Wikipedia},
  title     =  {{Wikipedia Privacy Policy}},
  URL       =  {http://simple.wikipedia.org/wiki/Wikipedia:Privacy_policy},
  note      =  {Modified: 26/08/2011}
}

@BOOK{book:Kurose,
   author   = {James F. Kurose and Keith W. Ross},
   title    = {{Computer Networking: A Top-Down Approach}},
   publisher = {Addison-Wesley},
   edition  = {5th},
   year     = {2009}
}

@inproceedings{conf/sensys/ReddyBEHS07,
  author    = {Sasank Reddy and
               Jeff Burke and
               Deborah Estrin and
               Mark H. Hansen and
               Mani B. Srivastava},
  title     = {A framework for data quality and feedback in participatory
               sensing},
  booktitle = {SenSys},
  year      = {2007},
  pages     = {417-418}
}

@inproceedings{conf/sensys/DuttaAKMMWW09,
  author    = {Prabal Dutta and
               Paul M. Aoki and
               Neil Kumar and
               Alan M. Mainwaring and
               Chris Myers and
               Wesley Willett and
               Allison Woodruff},
  title     = {Common Sense: participatory urban sensing using a network
               of handheld air quality monitors},
  booktitle = {SenSys},
  year      = {2009},
  pages     = {349-350}
}

@inproceedings{conf/icde/YiuJHL08,
  author    = {Man Lung Yiu and
               Christian S. Jensen and
               Xuegang Huang and
               Hua Lu},
  title     = {{SpaceTwist: Managing the Trade-Offs Among Location Privacy,
               Query Performance, and Query Accuracy in Mobile Services}},
  booktitle = {ICDE},
  year      = {2008},
  pages     = {366-375}
}

@article{journals/pvldb/WangL09,
  author    = {Ting Wang and
               Ling Liu},
  title     = {Privacy-Aware Mobile Services over Road Networks},
  journal   = {PVLDB},
  volume    = {2},
  number    = {1},
  year      = {2009},
  pages     = {1042-1053}
}
